<Doc xmlns:gs2="http://www.greenstone.org/gs2" file="HASH7c57\5f57a57c\fb45ab00\33s39.dir\doc.xml"  gs2:docOID="HASH7c575f57a57cfb45ab0033s39" gs2:mode="add">

<Sec  gs2:docOID="HASH7c575f57a57cfb45ab0033s39" gs2:mode="add">
&lt;pre&gt;
 LDR 01180cjm  22003017a 4500
001     5657985
005     19920911150500.7
007     sdubsmennmplu
008     920904s1964    cauuun              eng  
035    _9 (DLC)   92769313
906    _a 7
       _b cbu
       _c orignew
       _d 5
       _e ncip
       _f 19
       _g y-genmusic
010    _a    92769313 
028 02 _a ST-2047
       _b Capitol
040    _a DLC
       _c DLC
       _d DLC
050 00 _a Capitol ST-2047
050 00 _a Capitol ST-2047 (White House B3)
245 00 _a Meet the Beatles!
       _h [sound recording].
260    _a [Hollywood, Calif.] :
       _b Capitol,
       _c [1964?]
300    _a 1 sound disc :
       _b analog, 33 1/3 rpm, stereo. ;
       _c 12 in.
511 0  _a Performed by the Beatles.
505 0  _a I want to hold your hand -- I saw her standing there --
 This boy -- It won't be long -- All I've got to do -- All my
 loving -- Don't bother me -- Little child -- Till there was you
 -- Hold me tight -- I wanna be your man -- Not a second
 time.
500    _a Brief record.
650  0 _a Rock music
       _y 1961-1970.
650  0 _a Popular music
       _y 1961-1970.
710 2  _a Beatles.
       _4 prf
953    _a TA28
991    _b c-RecSound
       _h Capitol ST-2047
       _w MUSIC
991    _b c-RecSound
       _h Capitol ST-2047 (White House B3)
       _w MUSIC
&lt;/pre&gt;
 
</Sec>


</Doc>
